<?xml version="1.0" encoding="UTF-8"?><collection xmlns="http://www.loc.gov/MARC21/slim"><record><leader>00418nam--2200121-i-4500</leader><controlfield tag="001">000006556</controlfield><controlfield tag="002">20161230</controlfield><controlfield tag="005">20161230201026</controlfield><controlfield tag="008">060222s1000------------r-----000-0-eng-d</controlfield><datafield ind1=" " ind2=" " tag="245"><subfield code="a">Compte rendu du 3-e congres des organisateurs et techniciens de congres internationaux (rome 12-15 novembre 1962)</subfield></datafield><datafield ind1=" " ind2=" " tag="260"><subfield code="a">Bruxelles, Union Des Assoc.Intern., 1963 115 P</subfield></datafield><datafield ind1=" " ind2=" " tag="490"><subfield code="a">La Science Des Contres Internationaux</subfield></datafield><datafield ind1=" " ind2=" " tag="852"><subfield code="a">19222</subfield></datafield></record></collection>